@online{one,
  author       = {3blue1brown},
  title        = {Fourier Transform: A visual introduction},
  url          = {https://www.youtube.com/watch?v=spUNpyF58BY},
}
@online{two
,title={Chat with Gemini About Linearity of Box Filters}
,url={https://g.co/gemini/share/0de345f8e8d8}
}
@online{three,
  author       = {Jessica Su: Stanford University},
  title        = {CS 161: Solving Recurrences},
  url          ={https://web.stanford.edu/class/archive/cs/cs161/cs161.1168/lecture3.pdf},
}
@online{four,
    author = {ImageProcessingPlace}
    ,title={Countour Tracing}
    ,url= {https://www.imageprocessingplace.com/downloads_V3/root_downloads/tutorials/contour_tracing_Abeer_George_Ghuneim/connectivity.html}
}
@online{five
,author={First Principles of Computer Vision}
,title={Segmenting Binary Images}
,url="youtube.com/watch?feature=shared&t=315&v=2ckNxEwF5YU"
}
@online{six,
  author       = {Danny Sleator: CMU School of Computer Science},
  title        = {15-451/651: Lecture #24, Design and Analysis of Algorithms},
  url          ={https://www.cs.cmu.edu/~15451-s23/lectures/lec24-fft.pdf#page=5.40},
}
@book{szelinski,
    author = {Richard Szeliski},
    title = {Computer Vision: Algorithms and Applications},
    publisher = {Springer},
    year = {2022}
}